<?xml version="1.0" encoding="UTF-8"?><collection xmlns="http://www.loc.gov/MARC21/slim"><record><leader>00346nam--2200121-i-4500</leader><controlfield tag="001">000003751</controlfield><controlfield tag="002">20161230</controlfield><controlfield tag="005">20161230201025</controlfield><controlfield tag="008">060222s1000------------r-----000-0-eng-d</controlfield><datafield ind1=" " ind2=" " tag="100"><subfield code="a">Chute, George M</subfield></datafield><datafield ind1=" " ind2=" " tag="245"><subfield code="a">Electronics in industry.i=st.edition.iv th.imp ression</subfield></datafield><datafield ind1=" " ind2=" " tag="260"><subfield code="a">New York, London, Mcgraw-hill Bokk Comp. 1946. Xii+461 P</subfield></datafield><datafield ind1=" " ind2=" " tag="852"><subfield code="a">1525</subfield></datafield></record></collection>